
@article{schmid2021,
	title = {A unified framework of direct and indirect reciprocity},
	author = {{Schmid}, {Laura} and {Chatterjee}, {Krishnendu} and {Hilbe}, {Christian} and {Nowak}, {Martin A.}},
	year = {2021},
	month = {05},
	date = {2021-05-13},
	journal = {Nature Human Behaviour},
	doi = {10.1038/s41562-021-01114-8},
	url = {http://www.nature.com/articles/s41562-021-01114-8},
	langid = {en}
}

@article{alves2018,
	title = {A Cognitive-Ecological Explanation of Intergroup Biases},
	author = {{Alves}, {Hans} and {Koch}, {Alex} and {Unkelbach}, {Christian}},
	year = {2018},
	month = {07},
	date = {2018-07},
	journal = {Psychological Science},
	pages = {1126--1133},
	volume = {29},
	number = {7},
	doi = {10.1177/0956797618756862},
	url = {http://journals.sagepub.com/doi/10.1177/0956797618756862},
	langid = {en}
}

@article{payne2017,
	title = {Economic inequality increases risk taking},
	author = {{Payne}, {B. Keith} and {Brown-Iannuzzi}, {Jazmin L.} and {Hannay}, {Jason W.}},
	year = {2017},
	month = {05},
	date = {2017-05-02},
	journal = {Proceedings of the National Academy of Sciences},
	pages = {4643--4648},
	volume = {114},
	number = {18},
	doi = {10.1073/pnas.1616453114},
	url = {https://www.pnas.org/content/114/18/4643},
	note = {Publisher: National Academy of Sciences
Section: Social Sciences
PMID: 28416655},
	langid = {en}
}

@misc{marketsandmarkets,
	title = {Physical Security Market Size, Share and Global Market Forecast to 2025 | COVID-19 Impact Analysis | MarketsandMarkets},
	author = {{Markets and Markets}, {}},
	url = {https://www.marketsandmarkets.com/Market-Reports/physical-security-market-1014.html}
}

@misc{unitednations2017,
	title = {Reports on world crime trends},
	author = {{United Nations}, {}},
	year = {2017},
	date = {2017},
	url = {//www.unodc.org/unodc/en/data-and-analysis/statistics/reports-on-world-crime-trends.html},
	langid = {en}
}

@misc{marketsandmarkets2021,
	title = {Physical Security Market Size, Share and Global Market Forecast to 2025 | COVID-19 Impact Analysis | MarketsandMarkets},
	author = {{Markets and Markets}, {}},
	year = {2021},
	date = {2021},
	url = {https://www.marketsandmarkets.com/Market-Reports/physical-security-market-1014.html}
}

@article{kanan2002,
	title = {Modeling Fear of Crime and Perceived Victimization Risk: The (In)Significance of Neighborhood Integration},
	author = {{Kanan}, {James W.} and {Pruitt}, {Matthew V.}},
	year = {2002},
	date = {2002},
	journal = {Sociological Inquiry},
	pages = {527--548},
	volume = {72},
	number = {4},
	doi = {10.1111/1475-682X.00033},
	url = {https://onlinelibrary.wiley.com/doi/abs/10.1111/1475-682X.00033},
	note = {{\_}eprint: https://onlinelibrary.wiley.com/doi/pdf/10.1111/1475-682X.00033},
	langid = {en}
}

@book{daly2016,
	title = {Killing the Competition},
	author = {{Daly}, {Martin}},
	year = {2016},
	month = {08},
	date = {2016-08-10},
	publisher = {Transaction Publishers},
	edition = {1 edition},
	address = {New Brunswick},
	langid = {English}
}

@book{hargreaves-heap2004,
	title = {Game Theory: A Critical Introduction},
	author = {{Hargreaves-Heap}, {Shaun} and {Varoufakis}, {Yanis}},
	year = {2004},
	month = {02},
	date = {2004-02-27},
	publisher = {Routledge},
	edition = {2},
	doi = {10.4324/9780203489291},
	note = {DOI: 10.4324/9780203489291},
	address = {London}
}

@article{henrich2001,
	title = {The evolution of prestige: freely conferred deference as a mechanism for enhancing the benefits of cultural transmission},
	author = {{Henrich}, {Joseph} and {Gil-White}, {Francisco J}},
	year = {2001},
	month = {05},
	date = {2001-05},
	journal = {Evolution and Human Behavior},
	pages = {165--196},
	volume = {22},
	number = {3},
	doi = {10.1016/S1090-5138(00)00071-4},
	url = {https://linkinghub.elsevier.com/retrieve/pii/S1090513800000714},
	langid = {en}
}

@misc{gates2014,
	title = {The deadliest animal in the world},
	author = {{Gates}, {Bill}},
	year = {2014},
	month = {04},
	date = {2014-04-25},
	url = {https://www.gatesnotes.com/Health/Most-Lethal-Animal-Mosquito-Week}
}

@article{mcevily2012,
	title = {Whom do you distrust and how much does it cost? An experiment on the measurement of trust},
	author = {{McEvily}, {Bill} and {Radzevick}, {Joseph R.} and {Weber}, {Roberto A.}},
	year = {2012},
	month = {01},
	date = {2012-01-01},
	journal = {Games and Economic Behavior},
	pages = {285--298},
	volume = {74},
	number = {1},
	doi = {10.1016/j.geb.2011.06.011},
	url = {https://www.sciencedirect.com/science/article/pii/S0899825611001102},
	langid = {en}
}

@book{daly2016a,
	title = {Killing the Competition},
	author = {{Daly}, {Martin}},
	year = {2016},
	month = {08},
	date = {2016-08-10},
	publisher = {Transaction Publishers},
	edition = {1 edition},
	address = {New Brunswick},
	langid = {English}
}

@article{mishra2015,
	title = {Inequality and Risk-Taking},
	author = {{Mishra}, {Sandeep} and {Hing}, {Leanne S. Son} and {Lalumière}, {Martin L.}},
	year = {2015},
	month = {09},
	date = {2015-09-01},
	journal = {Evolutionary Psychology},
	pages = {147470491559629},
	volume = {13},
	number = {3},
	doi = {10.1177/1474704915596295},
	url = {http://journals.sagepub.com/doi/10.1177/1474704915596295},
	langid = {en}
}

@article{krupp,
	title = {Local Competition Amplifies the Corrosive Effects of Inequality},
	author = {{Krupp}, {D B} and {Cook}, {Thomas R}},
	pages = {10},
	langid = {en}
}

@article{wobker2015,
	title = {The Price of Envy{\textemdash}An Experimental Investigation of Spiteful Behavior},
	author = {{Wobker}, {Inga}},
	year = {2015},
	date = {2015},
	journal = {Managerial and Decision Economics},
	pages = {326--335},
	volume = {36},
	number = {5},
	doi = {10.1002/mde.2672},
	url = {https://onlinelibrary.wiley.com/doi/abs/10.1002/mde.2672},
	note = {{\_}eprint: https://onlinelibrary.wiley.com/doi/pdf/10.1002/mde.2672},
	langid = {en}
}

@article{decourson2021,
	title = {Why do inequality and deprivation produce high crime and low trust?},
	author = {{De Courson}, {Benoît} and {Nettle}, {Daniel}},
	year = {2021},
	month = {12},
	date = {2021-12},
	journal = {Scientific Reports},
	pages = {1937},
	volume = {11},
	number = {1},
	doi = {10.1038/s41598-020-80897-8},
	url = {http://www.nature.com/articles/s41598-020-80897-8},
	langid = {en}
}

@book{camerer2011,
	title = {Behavioral Game Theory: Experiments in Strategic Interaction},
	author = {{Camerer}, {Colin F.}},
	year = {2011},
	month = {09},
	date = {2011-09-05},
	publisher = {Princeton University Press},
	note = {Google-Books-ID: cr{\_}Xg7cRvdcC},
	langid = {en}
}

@article{feenstra2015,
	title = {The Next Generation of the Penn World Table},
	author = {{Feenstra}, {Robert C.} and {Inklaar}, {Robert} and {Timmer}, {Marcel P.}},
	year = {2015},
	month = {10},
	date = {2015-10},
	journal = {American Economic Review},
	pages = {3150--3182},
	volume = {105},
	number = {10},
	doi = {10.1257/aer.20130954},
	url = {https://www.aeaweb.org/articles?id=10.1257/aer.20130954},
	langid = {en}
}

@article{vankesterenj.n.2010,
	title = {European Survey on Crime and Safety - EU ICS 2005International Crime Victims Surveys - ICVS - 1989, 1992, 1996, 2000, 2005},
	author = {{Van Kesteren, J. N.}, {}},
	year = {2010},
	date = {2010},
	doi = {10.17026/DANS-XNJ-RMB2},
	url = {https://easy.dans.knaw.nl/ui/datasets/id/easy-dataset:44578},
	note = {Medium: SPSS,PDF
Type: dataset
DOI: 10.17026/DANS-XNJ-RMB2},
	langid = {en}
}

@article{solt2020,
	title = {Measuring Income Inequality Across Countries and Over Time: The Standardized World Income Inequality Database},
	author = {{Solt}, {Frederick}},
	year = {2020},
	date = {2020},
	journal = {Social Science Quarterly},
	pages = {1183--1199},
	volume = {101},
	number = {3},
	doi = {10.1111/ssqu.12795},
	url = {https://onlinelibrary.wiley.com/doi/abs/10.1111/ssqu.12795},
	note = {{\_}eprint: https://onlinelibrary.wiley.com/doi/pdf/10.1111/ssqu.12795},
	langid = {en}
}

@article{vankesteren2010,
	title = {European Survey on Crime and Safety - EU ICS 2005International Crime Victims Surveys - ICVS - 1989, 1992, 1996, 2000, 2005},
	author = {{Van Kesteren}, {J. N.}},
	year = {2010},
	date = {2010},
	doi = {10.17026/DANS-XNJ-RMB2},
	url = {https://easy.dans.knaw.nl/ui/datasets/id/easy-dataset:44578},
	note = {Medium: SPSS,PDF
Type: dataset
DOI: 10.17026/DANS-XNJ-RMB2},
	langid = {en}
}

@article{krupp2018,
	title = {Local Competition Amplifies the Corrosive Effects of Inequality},
	author = {{Krupp}, {D. B.} and {Cook}, {Thomas R.}},
	year = {2018},
	month = {05},
	date = {2018-05-01},
	journal = {Psychological Science},
	pages = {824--833},
	volume = {29},
	number = {5},
	doi = {10.1177/0956797617748419},
	url = {https://doi.org/10.1177/0956797617748419},
	note = {Publisher: SAGE Publications Inc},
	langid = {en}
}

@article{pridemore2008,
	title = {A Methodological Addition to the Cross-National Empirical Literature on Social Structure and Homicide: A First Test of the Poverty-Homicide Thesis*},
	author = {{Pridemore}, {William Alex}},
	year = {2008},
	date = {2008},
	journal = {Criminology},
	pages = {133--154},
	volume = {46},
	number = {1},
	doi = {10.1111/j.1745-9125.2008.00106.x},
	url = {https://onlinelibrary.wiley.com/doi/abs/10.1111/j.1745-9125.2008.00106.x},
	note = {{\_}eprint: https://onlinelibrary.wiley.com/doi/pdf/10.1111/j.1745-9125.2008.00106.x},
	langid = {en}
}

@article{saez2016,
	title = {Wealth Inequality in the United States since 1913: Evidence from Capitalized Income Tax Data *},
	author = {{Saez}, {Emmanuel} and {Zucman}, {Gabriel}},
	year = {2016},
	month = {05},
	date = {2016-05-01},
	journal = {The Quarterly Journal of Economics},
	pages = {519--578},
	volume = {131},
	number = {2},
	doi = {10.1093/qje/qjw004},
	url = {https://doi.org/10.1093/qje/qjw004}
}

@article{mishra2016,
	title = {Personal relative deprivation and risk: An examination of individual differences in personality, attitudes, and behavioral outcomes},
	author = {{Mishra}, {Sandeep} and {Novakowski}, {Dallas}},
	year = {2016},
	month = {02},
	date = {2016-02},
	journal = {Personality and Individual Differences},
	pages = {22--26},
	volume = {90},
	doi = {10.1016/j.paid.2015.10.031},
	url = {https://linkinghub.elsevier.com/retrieve/pii/S0191886915006650},
	langid = {en}
}

@article{christen2005,
	title = {Keeping Up With the Joneses: Analyzing the Effect of Income Inequality on Consumer Borrowing},
	author = {{Christen}, {Markus} and {Morgan}, {Ruskin M.}},
	year = {2005},
	month = {06},
	date = {2005-06-01},
	journal = {Quantitative Marketing and Economics},
	pages = {145--173},
	volume = {3},
	number = {2},
	doi = {10.1007/s11129-005-0351-1},
	url = {https://doi.org/10.1007/s11129-005-0351-1},
	langid = {en}
}

@article{burton-chellew2013,
	title = {Combined inequality in wealth and risk leads to disaster in the climate change game},
	author = {{Burton-Chellew}, {Maxwell N.} and {May}, {Robert M.} and {West}, {Stuart A.}},
	year = {2013},
	month = {10},
	date = {2013-10-01},
	journal = {Climatic Change},
	pages = {815--830},
	volume = {120},
	number = {4},
	doi = {10.1007/s10584-013-0856-7},
	url = {https://doi.org/10.1007/s10584-013-0856-7},
	langid = {en}
}

@article{anderson2008,
	title = {Inequality and public good provision: An experimental analysis},
	author = {{Anderson}, {Lisa R.} and {Mellor}, {Jennifer M.} and {Milyo}, {Jeffrey}},
	year = {2008},
	month = {06},
	date = {2008-06-01},
	journal = {The Journal of Socio-Economics},
	pages = {1010--1028},
	series = {Behavioral Dimensions of the Firm Special Issue},
	volume = {37},
	number = {3},
	doi = {10.1016/j.socec.2006.12.073},
	url = {https://www.sciencedirect.com/science/article/pii/S1053535707001278},
	langid = {en}
}

@article{caraco1980,
	title = {An empirical demonstration of risk-sensitive foraging preferences},
	author = {{Caraco}, {Thomas} and {Martindale}, {Steven} and {Whittam}, {Thomas S.}},
	year = {1980},
	month = {08},
	date = {1980-08-01},
	journal = {Animal Behaviour},
	pages = {820--830},
	volume = {28},
	number = {3},
	doi = {10.1016/S0003-3472(80)80142-4},
	url = {https://www.sciencedirect.com/science/article/pii/S0003347280801424},
	langid = {en}
}

@article{knief2021,
	title = {Violating the normality assumption may be the lesser of two evils},
	author = {{Knief}, {Ulrich} and {Forstmeier}, {Wolfgang}},
	year = {2021},
	month = {05},
	date = {2021-05-07},
	journal = {Behavior Research Methods},
	doi = {10.3758/s13428-021-01587-5},
	url = {https://doi.org/10.3758/s13428-021-01587-5},
	langid = {en}
}

@article{mcneish2017,
	title = {Clustered data with small sample sizes: Comparing the performance of model-based and design-based approaches},
	author = {{McNeish}, {Daniel M.} and {Harring}, {Jeffery R.}},
	year = {2017},
	month = {02},
	date = {2017-02-07},
	journal = {Communications in Statistics - Simulation and Computation},
	pages = {855--869},
	volume = {46},
	number = {2},
	doi = {10.1080/03610918.2014.983648},
	url = {https://www.tandfonline.com/doi/full/10.1080/03610918.2014.983648},
	langid = {en}
}

@article{campbell2021,
	title = {The consequences of checking for zero{-}inflation and overdispersion in the analysis of count data},
	author = {{Campbell}, {Harlan}},
	editor = {{O'Hara}, {Robert B.}},
	year = {2021},
	month = {04},
	date = {2021-04},
	journal = {Methods in Ecology and Evolution},
	pages = {665--680},
	volume = {12},
	number = {4},
	doi = {10.1111/2041-210X.13559},
	url = {https://onlinelibrary.wiley.com/doi/10.1111/2041-210X.13559},
	langid = {en}
}

@book{snijders2011,
	title = {Multilevel Analysis: An Introduction to Basic and Advanced Multilevel Modeling},
	author = {{Snijders}, {Tom A. B.} and {Bosker}, {Roel J.}},
	year = {2011},
	month = {10},
	date = {2011-10-30},
	publisher = {SAGE},
	note = {Google-Books-ID: N1BQvcomDdQC},
	langid = {en}
}

@article{simmons2011,
	title = {False-Positive Psychology: Undisclosed Flexibility in Data Collection and Analysis Allows Presenting Anything as Significant},
	author = {{Simmons}, {Joseph P.} and {Nelson}, {Leif D.} and {Simonsohn}, {Uri}},
	year = {2011},
	month = {11},
	date = {2011-11-01},
	journal = {Psychological Science},
	pages = {1359--1366},
	volume = {22},
	number = {11},
	doi = {10.1177/0956797611417632},
	url = {https://doi.org/10.1177/0956797611417632},
	note = {Publisher: SAGE Publications Inc},
	langid = {en}
}

@article{gelman2014,
	title = {The statistical crisis in science: data-dependent analysis--a {"}garden of forking paths{"}--explains why many statistically significant comparisons don't hold up},
	author = {{Gelman}, {Andrew} and {Loken}, {Eric}},
	year = {2014},
	month = {11},
	date = {2014-11-01},
	journal = {American Scientist},
	pages = {460--466},
	volume = {102},
	number = {6},
	url = {https://go.gale.com/ps/i.do?p=AONE&sw=w&issn=00030996&v=2.1&it=r&id=GALE%7CA389260653&sid=googleScholar&linkaccess=abs},
	note = {Publisher: Sigma Xi, The Scientific Research Society},
	langid = {English}
}

@article{britt2018,
	title = {The Analysis of Bounded Count Data in Criminology},
	author = {{Britt}, {Chester L.} and {Rocque}, {Michael} and {Zimmerman}, {Gregory M.}},
	year = {2018},
	month = {06},
	date = {2018-06},
	journal = {Journal of Quantitative Criminology},
	pages = {591--607},
	volume = {34},
	number = {2},
	doi = {10.1007/s10940-017-9346-9},
	url = {http://link.springer.com/10.1007/s10940-017-9346-9},
	langid = {en}
}

@article{hill2006,
	title = {Envy and positional bias in the evolutionary psychology of management},
	author = {{Hill}, {Sarah E.} and {Buss}, {David M.}},
	year = {2006},
	date = {2006},
	journal = {Managerial and Decision Economics},
	pages = {131--143},
	volume = {27},
	number = {2-3},
	doi = {10.1002/mde.1288},
	url = {https://onlinelibrary.wiley.com/doi/abs/10.1002/mde.1288},
	note = {{\_}eprint: https://onlinelibrary.wiley.com/doi/pdf/10.1002/mde.1288},
	langid = {en}
}

@article{solnick1998,
	title = {Is more always better?: A survey on positional concerns},
	author = {{Solnick}, {Sara} and {Hemenway}, {David}},
	year = {1998},
	month = {11},
	date = {1998-11-30},
	journal = {Journal of Economic Behavior & Organization},
	pages = {373--383},
	volume = {37},
	number = {3},
	doi = {10.1016/S0167-2681(98)00089-4},
	url = {https://www.sciencedirect.com/science/article/pii/S0167268198000894},
	langid = {en}
}

@article{garay2011,
	title = {Is envy one of the possible evolutionary roots of charity?},
	author = {{Garay}, {József} and {Móri}, {Tamás F.}},
	year = {2011},
	month = {10},
	date = {2011-10-01},
	journal = {Biosystems},
	pages = {28--35},
	volume = {106},
	number = {1},
	doi = {10.1016/j.biosystems.2011.06.004},
	url = {https://www.sciencedirect.com/science/article/pii/S0303264711001092},
	langid = {en}
}

@article{hamilton1964,
	title = {The genetical evolution of social behaviour. II},
	author = {{Hamilton}, {W. D.}},
	year = {1964},
	month = {07},
	date = {1964-07-01},
	journal = {Journal of Theoretical Biology},
	pages = {17--52},
	volume = {7},
	number = {1},
	doi = {10.1016/0022-5193(64)90039-6},
	url = {https://www.sciencedirect.com/science/article/pii/0022519364900396},
	langid = {en}
}

@article{callan2008,
	title = {Gambling as a Search for Justice: Examining the Role of Personal Relative Deprivation in Gambling Urges and Gambling Behavior},
	author = {{Callan}, {Mitchell J.} and {Ellard}, {John H.} and {Will Shead}, {N.} and {Hodgins}, {David C.}},
	year = {2008},
	month = {11},
	date = {2008-11-01},
	journal = {Personality and Social Psychology Bulletin},
	pages = {1514--1529},
	volume = {34},
	number = {11},
	doi = {10.1177/0146167208322956},
	url = {https://doi.org/10.1177/0146167208322956},
	note = {Publisher: SAGE Publications Inc},
	langid = {en}
}

@article{mishra2017,
	title = {The Relative State Model: Integrating Need-Based and Ability-Based Pathways to Risk-Taking},
	author = {{Mishra}, {Sandeep} and {Barclay}, {Pat} and {Sparks}, {Adam}},
	year = {2017},
	month = {05},
	date = {2017-05-01},
	journal = {Personality and Social Psychology Review},
	pages = {176--198},
	volume = {21},
	number = {2},
	doi = {10.1177/1088868316644094},
	url = {https://doi.org/10.1177/1088868316644094},
	note = {Publisher: SAGE Publications Inc},
	langid = {en}
}

@article{schul2008,
	title = {The value of distrust},
	author = {{Schul}, {Yaacov} and {Mayo}, {Ruth} and {Burnstein}, {Eugene}},
	year = {2008},
	month = {09},
	date = {2008-09-01},
	journal = {Journal of Experimental Social Psychology},
	pages = {1293--1302},
	volume = {44},
	number = {5},
	doi = {10.1016/j.jesp.2008.05.003},
	url = {https://www.sciencedirect.com/science/article/pii/S0022103108000760},
	langid = {en}
}

@article{kramer1999,
	title = {TRUST AND DISTRUST IN ORGANIZATIONS: Emerging Perspectives, Enduring Questions},
	author = {{Kramer}, {Roderick M.}},
	year = {1999},
	date = {1999},
	journal = {Annual Review of Psychology},
	pages = {569--598},
	number = {50},
	url = {https://www.annualreviews.org/doi/abs/10.1146/annurev.psych.50.1.569?casa_token=MgPUV9aZDgAAAAAA:piVrdq_3MPOvkyU-x6mLwoDFk5MnTsWUA3NUpId2j-SCM2y5aYf-C0lfkg9RAwUiZT_uC3EHR31J}
}

@article{elgar2010,
	title = {Income Inequality, Trust, and Population Health in 33 Countries},
	author = {{Elgar}, {Frank J.}},
	year = {2010},
	month = {11},
	date = {2010-11-01},
	journal = {American Journal of Public Health},
	pages = {2311--2315},
	volume = {100},
	number = {11},
	doi = {10.2105/AJPH.2009.189134},
	url = {https://ajph.aphapublications.org/doi/full/10.2105/AJPH.2009.189134},
	note = {Publisher: American Public Health Association}
}

@article{barone2016,
	title = {Inequality and Trust: New Evidence from Panel Data},
	author = {{Barone}, {Guglielmo} and {Mocetti}, {Sauro}},
	year = {2016},
	date = {2016},
	journal = {Economic Inquiry},
	pages = {794--809},
	volume = {54},
	number = {2},
	doi = {10.1111/ecin.12309},
	url = {https://onlinelibrary.wiley.com/doi/abs/10.1111/ecin.12309},
	note = {{\_}eprint: https://onlinelibrary.wiley.com/doi/pdf/10.1111/ecin.12309},
	langid = {en}
}

@article{decourson2021a,
	title = {Why do inequality and deprivation produce high crime and low trust?},
	author = {{De Courson}, {Benoît} and {Nettle}, {Daniel}},
	year = {2021},
	month = {12},
	date = {2021-12},
	journal = {Scientific Reports},
	pages = {1937},
	volume = {11},
	number = {1},
	doi = {10.1038/s41598-020-80897-8},
	url = {http://www.nature.com/articles/s41598-020-80897-8},
	langid = {en}
}

@book{frank1988,
	title = {Passions within reason:  The strategic role of the emotions},
	author = {{Frank}, {Robert H.}},
	year = {1988},
	date = {1988},
	publisher = {W W Norton & Co},
	series = {Passions within reason:  The strategic role of the emotions},
	note = {Pages: xiii, 304},
	address = {New York, NY, US}
}

@article{barone2016a,
	title = {Inequality and Trust: New Evidence from Panel Data},
	author = {{Barone}, {Guglielmo} and {Mocetti}, {Sauro}},
	year = {2016},
	date = {2016},
	journal = {Economic Inquiry},
	pages = {794--809},
	volume = {54},
	number = {2},
	doi = {10.1111/ecin.12309},
	url = {https://onlinelibrary.wiley.com/doi/abs/10.1111/ecin.12309},
	note = {{\_}eprint: https://onlinelibrary.wiley.com/doi/pdf/10.1111/ecin.12309},
	langid = {en}
}

@book{hardin2006,
	title = {Trust},
	author = {{Hardin}, {Russell}},
	year = {2006},
	month = {03},
	date = {2006-03-24},
	publisher = {Polity},
	series = {Key Concepts},
	note = {Google-Books-ID: jB2SBK5izRcC},
	address = {Cambridge},
	langid = {en}
}

@article{jordahl2007,
	title = {Inequality and Trust},
	author = {{Jordahl}, {Henrik}},
	year = {2007},
	date = {2007},
	journal = {SSRN Electronic Journal},
	doi = {10.2139/ssrn.1012786},
	url = {http://www.ssrn.com/abstract=1012786},
	langid = {en}
}

@article{fischer2006,
	title = {The Effect of Relative Income Position on Social Capital},
	author = {{Fischer}, {Justina A. V.} and {Torgler}, {Benno}},
	year = {2006},
	date = {2006},
	journal = {Economics Bulletin},
	pages = {1--20},
	volume = {26},
	number = {4}
}

@article{knack1997,
	title = {Does Social Capital Have an Economic Payoff? A Cross-Country Investigation*},
	author = {{Knack}, {Stephen} and {Keefer}, {Philip}},
	year = {1997},
	month = {11},
	date = {1997-11-01},
	journal = {The Quarterly Journal of Economics},
	pages = {1251--1288},
	volume = {112},
	number = {4},
	doi = {10.1162/003355300555475},
	url = {https://doi.org/10.1162/003355300555475}
}

@article{zak2001,
	title = {Trust and Growth},
	author = {{Zak}, {Paul J.} and {Knack}, {Stephen}},
	year = {2001},
	date = {2001},
	journal = {The Economic Journal},
	pages = {295--321},
	volume = {111},
	number = {470},
	doi = {10.1111/1468-0297.00609},
	url = {https://onlinelibrary.wiley.com/doi/abs/10.1111/1468-0297.00609},
	note = {{\_}eprint: https://onlinelibrary.wiley.com/doi/pdf/10.1111/1468-0297.00609},
	langid = {en}
}

@article{berggren2006,
	title = {Free to Trust: Economic Freedom and Social Capital},
	author = {{Berggren}, {Niclas} and {Jordahl}, {Henrik}},
	year = {2006},
	date = {2006},
	journal = {Kyklos},
	pages = {141--169},
	volume = {59},
	number = {2},
	doi = {10.1111/j.1467-6435.2006.00324.x},
	url = {https://onlinelibrary.wiley.com/doi/abs/10.1111/j.1467-6435.2006.00324.x},
	note = {{\_}eprint: https://onlinelibrary.wiley.com/doi/pdf/10.1111/j.1467-6435.2006.00324.x},
	langid = {en}
}

@article{leigh2006,
	title = {Does equality lead to fraternity?},
	author = {{Leigh}, {Andrew}},
	year = {2006},
	month = {10},
	date = {2006-10-01},
	journal = {Economics Letters},
	pages = {121--125},
	volume = {93},
	number = {1},
	doi = {10.1016/j.econlet.2006.04.003},
	url = {https://www.sciencedirect.com/science/article/pii/S0165176506001406},
	langid = {en}
}

@article{bjørnskov2007,
	title = {Determinants of generalized trust: A cross-country comparison},
	author = {{Bjørnskov}, {Christian}},
	year = {2007},
	month = {01},
	date = {2007-01-01},
	journal = {Public Choice},
	pages = {1--21},
	volume = {130},
	number = {1},
	doi = {10.1007/s11127-006-9069-1},
	url = {https://doi.org/10.1007/s11127-006-9069-1},
	langid = {en}
}

@book{wilkinson2010,
	title = {The spirit level: why greater equality makes societies stronger},
	author = {{Wilkinson}, {Richard G.} and {Pickett}, {Kate}},
	year = {2010},
	date = {2010},
	publisher = {Bloomsbury Press},
	note = {OCLC: ocn401149670},
	address = {New York},
	langid = {en}
}

@article{akerlof1983,
	title = {Loyalty Filters},
	author = {{Akerlof}, {George A.}},
	year = {1983},
	date = {1983},
	journal = {The American Economic Review},
	pages = {54--63},
	volume = {73},
	number = {1},
	url = {https://www.jstor.org/stable/1803926},
	note = {Publisher: American Economic Association}
}

@misc{insuranceinformationinstitute,
	title = {Facts + Statistics: Industry overview | III},
	author = {{Insurance Information Institute}, {}},
	url = {https://www.iii.org/fact-statistic/facts-statistics-industry-overview}
}

@misc{insuranceinformationinstitute2020,
	title = {Facts + Statistics: Industry overview | III},
	author = {{Insurance Information Institute}, {}},
	year = {2020},
	date = {2020},
	url = {https://www.iii.org/fact-statistic/facts-statistics-industry-overview}
}

@article{marks2015,
	title = {Breaking Down Walls: New Solutions for More Effective Urban Crime Prevention in South African Cities},
	author = {{Marks}, {Monique} and {Overall}, {Chris}},
	year = {2015},
	month = {01},
	date = {2015-01-28},
	journal = {Stability: International Journal of Security and Development},
	pages = {Art. 3},
	volume = {4},
	number = {1},
	doi = {10.5334/sta.es},
	url = {http://www.stabilityjournal.org/articles/10.5334/sta.es/},
	note = {Number: 1
Publisher: Department of Peace Studies and International Development, University of Bradford, England},
	langid = {en}
}

@article{chen2016,
	title = {oTree{\textemdash}An open-source platform for laboratory, online, and field experiments},
	author = {{Chen}, {Daniel L.} and {Schonger}, {Martin} and {Wickens}, {Chris}},
	year = {2016},
	month = {03},
	date = {2016-03-01},
	journal = {Journal of Behavioral and Experimental Finance},
	pages = {88--97},
	volume = {9},
	doi = {10.1016/j.jbef.2015.12.001},
	url = {https://www.sciencedirect.com/science/article/pii/S2214635016000101},
	langid = {en}
}

@book{tambe2011,
	title = {Security and Game Theory: Algorithms, Deployed Systems, Lessons Learned},
	author = {{Tambe}, {Milind}},
	year = {2011},
	month = {12},
	date = {2011-12-12},
	publisher = {Cambridge University Press},
	note = {Google-Books-ID: hjjkJ7u209YC},
	langid = {en}
}
